@article{resma2018multilevel,
  title={Multilevel thresholding for image segmentation using Krill Herd Optimization algorithm},
  author={Resma, KP Baby and Nair, Madhu S},
  journal={Journal of King Saud University-Computer and Information Sciences},
  year={2018},
  publisher={Elsevier}
}

@misc{nguyen2012, title={Real-Time Face Detection and Tracking}, url={https://people.ece.cornell.edu/land/courses\\/eceprojectsland/STUDENTPROJ/2012to2013/tnn7/tnn7\_report\_201212141110.pdf}, journal={Cornell University }, publisher={School of Electrical and Computer Engineering }, author={Nguyen,Thu-Thao}, year={2012}, month={Dec}}  


 @book{xilinx2018, title={Vivado Design Suite Tutorial}, author={XILINX}, year={2018}} 

 @book{crockettelliottenderwitzstewart2014, place={Glasgow}, title={The Zynq book embedded processing withe ARM速 Cortex速-A9 on the Xilinx速 Zynq速-7000 all programmable SoC}, publisher={Strathclyde Academic Media}, author={Crockett, Louise H. and Elliott, Ross A. and Enderwitz, Martin A. and Stewart, Robert W.}, year={2014}} 

@inproceedings{inproceedings,
author = {Lakha, Balwinder and Khosla, Robin and Bala, Shashi},
year = {2015},
month = {07},
pages = {},
title = {Implementation of Efficient Object Detection Algorithm on FPGA}
}

@phdthesis{nelson, title={Implementation of image processing algorithms on FPGA hardware}, url={https://wikis.ece.iastate.edu/cpre584/images/4/4e/Nelson\_T\_0\_0\_2000\_Implementa.pdf}, school={Graduate School of Vanderbilt University}, author={Nelson, Anthony Edward.}} 